<record><leader>00000cas a2200000 i 4500</leader><controlfield tag="001">25615618</controlfield><controlfield tag="008">920409d19011911scuwr ne      0    0eng c</controlfield><datafield ind1=" " ind2=" " tag="010"><subfield code="a">sn 92065508 </subfield></datafield><datafield ind1=" " ind2=" " tag="040"><subfield code="a">SVN</subfield><subfield code="b">eng</subfield><subfield code="e">rda</subfield><subfield code="c">SVN</subfield><subfield code="d">OCLCQ</subfield><subfield code="d">SUC</subfield><subfield code="d">OCLCF</subfield><subfield code="d">SUC</subfield></datafield><datafield ind1=" " ind2=" " tag="042"><subfield code="a">msc</subfield></datafield><datafield ind1=" " ind2=" " tag="043"><subfield code="a">n-us-sc</subfield></datafield><datafield ind1="0" ind2="4" tag="245"><subfield code="a">The Batesburg advocate.</subfield></datafield><datafield ind1=" " ind2="1" tag="264"><subfield code="a">Batesburg, S.C. :</subfield><subfield code="b">The Advocate Publishing Co.</subfield></datafield><datafield ind1=" " ind2=" " tag="300"><subfield code="a">volumes</subfield></datafield><datafield ind1=" " ind2=" " tag="310"><subfield code="a">Weekly</subfield></datafield><datafield ind1=" " ind2=" " tag="336"><subfield code="a">text</subfield><subfield code="2">rdacontent</subfield></datafield><datafield ind1=" " ind2=" " tag="337"><subfield code="a">unmediated</subfield><subfield code="2">rdamedia</subfield></datafield><datafield ind1=" " ind2=" " tag="338"><subfield code="a">volume</subfield><subfield code="2">rdacarrier</subfield></datafield><datafield ind1="1" ind2=" " tag="362"><subfield code="a">Began with January 16, 1901; ceased with October 27, 1911.</subfield></datafield><datafield ind1=" " ind2=" " tag="530"><subfield code="a">Archived issues are available in digital format as part of the Library of Congress Chronicling America online collection.</subfield></datafield><datafield ind1=" " ind2=" " tag="588"><subfield code="a">Description based on: Vol. 1, No. 1 (January 16, 1901); title from masthead.</subfield></datafield><datafield ind1=" " ind2=" " tag="588"><subfield code="a">Latest issue consulted: October 27, 1911.</subfield></datafield><datafield ind1=" " ind2="0" tag="651"><subfield code="a">Batesburg (S.C.)</subfield><subfield code="v">Newspapers.</subfield></datafield><datafield ind1=" " ind2="0" tag="651"><subfield code="a">Lexington County (S.C.)</subfield><subfield code="v">Newspapers.</subfield></datafield><datafield ind1=" " ind2="7" tag="651"><subfield code="a">South Carolina</subfield><subfield code="z">Batesburg.</subfield><subfield code="2">fast</subfield><subfield code="0">(OCoLC)fst01232286</subfield></datafield><datafield ind1=" " ind2="7" tag="651"><subfield code="a">South Carolina</subfield><subfield code="z">Lexington County.</subfield><subfield code="2">fast</subfield><subfield code="0">(OCoLC)fst01207422</subfield></datafield><datafield ind1=" " ind2="7" tag="655"><subfield code="a">Newspapers.</subfield><subfield code="2">fast</subfield><subfield code="0">(OCoLC)fst01423814</subfield></datafield><datafield ind1=" " ind2=" " tag="752"><subfield code="a">United States</subfield><subfield code="b">South Carolina</subfield><subfield code="c">Lexington</subfield><subfield code="d">Batesburg.</subfield></datafield><datafield ind1="0" ind2="0" tag="780"><subfield code="t">Saluda advocate</subfield><subfield code="w">(DLC)sn 92065583</subfield><subfield code="w">(OCoLC)26191099</subfield></datafield><datafield ind1="0" ind2="7" tag="785"><subfield code="t">Leesville news</subfield><subfield code="w">(DLC)sn 92065504</subfield><subfield code="w">(OCoLC)25615645</subfield></datafield><datafield ind1="0" ind2="7" tag="785"><subfield code="t">News-advocate (Leesville, S.C.)</subfield><subfield code="w">(DLC)sn 92065511</subfield><subfield code="w">(OCoLC)25615673</subfield></datafield><datafield ind1="4" ind2="1" tag="856"><subfield code="u">http://chroniclingamerica.loc.gov/lccn/sn92065508/</subfield></datafield><datafield ind1="1" ind2=" " tag="029"><subfield code="a">AU@</subfield><subfield code="b">000020694083</subfield></datafield></record>